@Book{1966Introduction,
  title={Introduction to Approximation Theory},
  author={E. W. Cheney},
  publisher =    {McGraw Hill},
  year={1966},
}

@Book{adams07:_introd_topol,
  author =    {Colin Adams and Robert Franzosa},
  title =        {Introduction to Topology: Pure and Applied},
  publisher =    {Pearson},
  year =         2007,
  note =      {{ISBN}: 978-0131848696}}

@Book{atkinson89:_introd_numer_analy,
  author =    {Kendall E. Atkinson},
  title =        {An Introduction to Numerical Analysis},
  publisher =    {Wiley},
  year =         1989,
  note =      {{ISBN}: 978-0471624899}}

@Book{axler15:_linear_algeb_done_right,
  author =    {Sheldon Axler},
  title =        {Linear Algebra Done Right},
  publisher =    {Springer},
  year =         2015,
  edition =   {Third},
  note =      {{ISBN}: 978-3-319-11079-0}}

@Book{brenner:_the_math_theo_of_fem,
  author =    {Susanne C. Brenner and L. Ridgway Scott},
  title =        {The Mathematical Theory of Finite Element Methods},
  publisher =    {Springer},
  year =         2008,
  edition =   {3rd},
  note =      {{ISBN}: 978-0-387-75933-3}}

@Book{briggs00,
  author =    {W. L. Briggs and V. E. Henson and S. F. McCormick},
  title =        {A multigrid tutorial},
  publisher =    {SIAM},
  year =         2000,
  edition =   {2nd},
  note =      {ISBN: 0-89871-462-1}}

@Article{butcher75:_runge_kutta,
  author =       {J. C. Butcher},
  title =        {A stability property of implicit {Runge-Kutta} methods},
  journal =      {BIT},
  year =         1975,
  volume =    15,
  pages =     {358-361},
  annote =    {B-stability}
}

@Article{calderon72:_estimates_singular_integral_op_max_func,
  author =       {Calderon, A. P.},
  title =        {Estimates for Singular Integral Operators in Terms of Maximal Functions},
  journal =      {Stud. Math.},
  year =         1972,
  volume =    44,
  number =   6,
  pages =     {563-582}}

@Article{calvo01:_linear_implic_runge_kutta_method,
  author =       {M. P. Calvo and J. {de Frutos} and J. Novo},
  title =        {Linearly implicit {R}unge-{K}utta methods
                  for advection-reaction-diffusion equations},
  journal =      {Appl. Numer. Math.},
  year =         2001,
  volume =    37,
  pages =     {535-549},
  annote =    {stability analysis}}

@Book{cryer82:_numer_funct_analy,
  author =    {Colin W. Cryer},
  title =        {Numerical Functional Analysis},
  publisher =    {Oxford University Press},
  year =         1982,
  series =    {Monographs on Numerical Analysis},
  note =      {{ISBN}:9780198534105}}

@Book{davis63:_inter_approx,
  author =    {Philip J. Davis},
  title =        {Interpolation and Approximation},
  publisher =    {Dover},
  year =         2014,
  note = {{ISBN}: 978-0486624952}
  }
%  publisher =    {Blaisdell Publishing Company},

@Book{davis07:_method_numer_integ,
  author =    {Philip J. Davis and Philip Rabinowitz},
  title =        {Methods of Numerical Integration},
  publisher =    {Dover},
  year =         2007,
  edition =   {second},
  note =      {{ISBN}: 978-0486453392}}

@article{du19:sdirk,
  author  = {Q. Du and L. Ju and J. Lu},
  title   = {Analysis of Fully Discrete Approximations for Dissipative Systems and Application to Time-Dependent Nonlocal Diffusion Problems},
  journal = {Journal of scientific computing},
  year    = {2019},
  volume  = {78},
  number  = {3},
  pages   = {1438-1466}
}

@Article{duran83:_poly_approx_sobolev_spaces,
  author =       {Duran, Ricardo G.},
  title =        {On Polynomial Approximation in Sobolev Spaces},
  journal =      {SIAM Journal on Numerical Analysis},
  year =         1983,
  volume =    20,
  number =   5,
  pages =     {985-988}}

@Article{eigen71:_selfor,
  author =       {M. Eigen},
  title =        {Selforganization of matter and the evolution of biological macromolecules},
  journal =      {Naturwissenschaften},
  year =         1971,
  volume =    58,
  pages =     {465-523}}

@Article{enflo73:_banac,
  author =       {P. Enflo},
  title =        {A counterexample to the approximation problem in {Banach} spaces},
  journal =      {Acta Mathematica},
  year =         1973,
  volume =    130,
  pages =     {309-317}}

@Book{evans10:_partial_differential_equations,
  author =    {Lawrence C. Evans},
  title =        {Partial Differential Equations},
  publisher =    {American Mathematical Society},
  year =         2010,
  edition =   {2nd},
  note =      {{ISBN}: 978-0-8218-4974-3}}

@Article{fontana98:_contin,
  author =       {W. Fontana and P. Schuster},
  title =        {Continuity in evolution: on the nature of transitions},
  journal =      {Science},
  year =         1998,
  volume =    280,
  pages =     {1451-5}}

@Article{fontana98:_shapin,
  author =       {W. Fontana and P. Schuster},
  title =        {Shaping space: the possible and the attainable
  in {RNA} genotype-phenotype mapping},
  journal =      {J. Theor. Biol.},
  year =         1998,
  volume =    194,
  pages =     {491-515}}

@Book{fraleigh03:_first_cours_abstr_algeb,
  author =    {John B. Fraleigh},
  title =        {A First Course in Abstract Algebra},
  publisher =    {Addison Wesley},
  year =         2003,
  edition =   {Seventh},
  note =      {{ISBN}: 0-201-76390-7}}

@Book{freitag2009:_complex_analysis,
 author =    {Eberhard Freitag and Rolf Busam},
 title =        {Complex Analysis},
 publisher =    {Springer-Verlag},
 year =         2009,
 address =   {Berlin},
 edition =   {second},
 note =      {ISBN: 978-3540939825}}

@Book{gautschi12:_numer_analy,
  author =    {Walter Gautschi},
  title =        {Numerical Analysis},
  publisher =    {Birkhauser},
  year =         2012,
  edition =   {Second},
  note =      {{ISBN}: 978-0-8176-8258-3}}

@Book{grinfeld13:_introd_tensor_analy_calcul_movin_surfac,
  author =    {Pavel Grinfeld},
  title =        {Introduction to Tensor Analysis and the Calculus of Moving Surfaces},
  publisher =    {Springer},
  year =         2013,
  note =      {ISBN:978-1461478669}}

@Book{guckenheimer83:_nonlin_oscil_dynam_system_bifur_vector_field,
  author =    {John Guckenheimer and Philip Holmes},
  title =        {Nonlinear Oscillations, Dynamical Systems, and Bifurcations of Vector Fields},
  publisher =    {Springer},
  year =         1983,
  edition =   {Corrected seventh printing, 2002},
  note =      {ISBN: 978-0387908199}}

@Book{hadamard23:_lectur_cauch_probl_linear_partial_differ_equat,
  author =    {J. Hadamard},
  title =        {Lectures on Cauchy's Problem in Linear Partial Differential Equations},
  publisher =    {Yale University Press},
  year =         1923,
  address =   {New Haven}}

@Book{hairer93:_solvin_ordin_differ_equat_i,
  author =    {E. Hairer and S. P. Norsett and G. Wanner},
  title =        {Solving Ordinary Differential Equations I: Nonstiff Problems},
  publisher =    {Springer},
  year =         1993,
  edition =   {second revised},
  note =      {{ISBN}: 978-3-540-56670-0}}

@Book{hairer96:_solvin_ordin_differ_equat_ii,
  author =    {E. Hairer and G. Wanner},
  title =        {Solving Ordinary Differential Equations II:
                  Stiff and Differential-Algebraic Problems},
  publisher =    {Springer-Verlag},
  year =         1996,
  address =   {Berlin},
  edition =   {second}
}

@Book{higham02:_accur_stabil_numer_algor,
  author =    {Nicholas J. Higham},
  title =        {Accuracy and Stability of Numerical Algorithms},
  publisher =    {SIAM},
  year =         2002,
  edition =   {second},
  note =      {{ISBN}: 978-0-898715-21-7}}

@Book{higham08:_funct_matric,
  author =    {Nicholas J. Higham},
  title =        {Functions of Matrices: Theory and Computation},
  publisher =    {SIAM},
  year =         2008,
  note =      {{ISBN}: 978-0-89871-646-7}}

@Article{kennedy03:_addit_runge_kutta_schem_for,
  author =       {C. A. Kennedy and M. H. Carpenter},
  title =        {Additive {R}unge-{K}utta schemes
                  for convection-diffusion-reaction equations},
  journal =      {Appl. Numer. Math.},
  year =         2003,
  volume =    44,
  pages =     {139-181}}

@Book{hodel13:_introd_mathem_logic,
  author =    {Richard E. Hodel},
  title =        {An Introduction to Mathematical Logic},
  publisher =    {Dover},
  year =         2013,
  note =      {ISBN: 978-0-486-49785-3}}

@TechReport{kennedy2016:_diagonal_implicit_runge_kutta,
  author =       {C. A. Kennedy and M. H. Carpenter},
  title =        {Diagonally Implicit {R}unge-{K}utta Methods for {O}rdinary {D}ifferential {E}quations. {A} {R}eview},
  institution =  {National Aeronautics and Space Administration, Langley Research Center},
  year =         {2016}
}

@Book{isaacson66:_analy_numer_method,
  author =    {E. Isaacson and H. B. Keller},
  title =        {Analysis of Numerical Methods},
  publisher =    {Dover},
  year =         1966,
  note =      {ISBN: 0-486-68029-0}}

@Book{knapp05:_basic_real_analy,
  author =    {Anothony W. Knapp},
  title =        {Basic Real Analysis},
  publisher =    {Birkhauser},
  year =         2005,
  note =      {ISBN: 978-0-8176-3250-2}}

@Book{kress98:_numer_analy,
  author =    {R. Kress},
  title =        {Numerical Analysis},
  publisher =    {Springer},
  year =         1998,
  note =      {{ISBN}: 978-0387984087}}

@Book{kreyszig89:_introd_funct_analy_applic,
  author =    {Erwin Kreyszig},
  title =        {Introductory Functional Analysis with Applications},
  publisher =    {Wiley},
  year =         1989,
  note =      {ISBN: 978-0471504597}}

@Article{knuth00:_dancin,
  author =       {Donald Knuth},
  title =        {Dancing links},
  journal =      {Millennial Perspectives in Computer Science},
  year =         2000,
  volume =    187,
  pages =     159}

@Book{lai07:_splin_funct_trian,
  author =    {M.-J. Lai and L. L. Schumaker},
  title =        {Spline Functions On Triangulations},
  publisher =    {Cambridge University Press},
  year =         2007,
  note =      {ISBN: 978-0-521-87592-9}}

@Book{lambert91:_numer_method_ordin_differ_equat,
  author =    {J. D. Lambert},
  title =        {Numerical Methods for Ordinary Differential Equations},
  publisher =    {John Wiley \& Sons},
  year =         1991}

@Article{levy98:_from_semid,
  author =       {Doron Levy and Eitan Tadmor},
  title =        {From Semidiscrete to fully discrete: stability of {Runge-Kutta} schemes by the energy method},
  journal =      {SIAM Review},
  year =         1998,
  volume =    40,
  number =    1,
  pages =     {40-73}}

@Article{li2020:sav_mac_error_analysis,
 author = {L. Li and J. Shen},
 title = {Error Analysis of the {SAV-MAC} Scheme for the {Navier-Stokes} Equations},
 journal = {SIAM J. Numer. Anal.},
 year = 2020,
 volume = 58,
 number = 5,
 pages = {2465-2491}}

@Article{lin19,
 author = {L. Lin and Z. Yang and S. Dong},
 title = {Numerical approximation of incompressible {Navier-Stokes} equations based on an auxiliary energy variable},
 journal = {J. Comput. Phys.},
 year = 2019,
 volume = 388,
 pages = {1-22}}

@Book{mason03:_cheby_polyn,
  author =    {J. C. Mason and D. C. Handscomb},
  title =        {Chebyshev Polynomials},
  publisher =    {Chapman \& Hall/CRC},
  year =         2003,
  note =      {ISBN: 0-8493-0355-9}}

@Article{milnor78:_analy_hairy_ball_theor_brouw,
  author =       {John Milnor},
  title =        {Analytic proofs of the `{Hairy Ball Theorem}'
  and the {Brouwer} fixed point theorem},
  journal =      {Amer. Math. Monthly},
  year =         1978,
  volume =    85,
  number =    7,
  pages =     {521-524}}

@Book{munkres97:_analy_manif,
  author =       {J. Munkres},
  title =        {Analysis on Manifolds},
  publisher =    {CRC Press},
  year =         1997,
  note =      {{ISBN}: 978-0201315967}}

@Book{munkres17:_topol,
  author =    {J. Munkres},
  title =        {Topology},
  publisher =    {Pearson},
  year =         2017,
  edition =   {second}}

@Book{natanson65:_const_funct_theor_volum_iii,
  author =    {I. P. Natanson},
  title =        {Constructive Function Theory Volume III: Interpolation and Approximation Quadratures},
  publisher =    {Frederick Ungar Publishing Co., Inc},
  year =         1965,
  address =   {New York},
  note =      {Translated by John R. Schulenberger}}

@Book{phillips03:_inter_approx_polyn,
  author =    {G. M. Phillips},
  title =        {Interpolation and Approximation by Polynomials},
  publisher =    {Springer},
  year =         2003,
  note =      {{ISBN}:0-387-00215-4}}

@Book{olver16:_introd,
  author =    {P. J. Olver},
  title =        {Introduction to Partial Differential Equations},
  publisher =    {Springer},
  year =         2016,
  edition =   {corr. 3rd}}

@Book{1994Chebyshev,
  title={Chebyshev Polynomials: From Approximation Theory to Algebra and Number Theory},
  author={T. J. Rivlin},
  publisher = {John Wiley, Sons},
  year={1994},
}

@Book{pinter10:_book_abstr_algeb,
  author =    {Charles C. Pinter},
  title =        {A Book of Abstract Algebra},
  publisher =    {Dover},
  year =         2010,
  series =    {Second},
  note =      {{ISBN}: 978-0486474175}}

@Book{powell81:_approx_theor_method,
  author =    {M. J. D. Powell},
  title =        {Approximation Theory and Methods},
  publisher =    {Cambridge University Press},
  year =         1981,
  edition =   {1st},
  note =      {{ISBN}: 978-0521295147}}

@Book{sasane17:_frien_approac_funtion_analy,
  author =    {Amol Sasane},
  title =        {A Friendly Approach to Funtional Analysis},
  publisher =    {World Scientific},
  year =         2017,
  note =      {ISBN-13: 978-1786343345}}

@Book{richtmyer67:_differ_method_initial_value_probl,
  author =    {Robert D. Richtmyer and K. W. Morton},
  title =        {Difference Methods for Initial-Value Problems},
  publisher =    {Wiley-Interscience},
  year =         1967,
  address =   {New York},
  note =      {{ISBN}:978-0894647635}}

@Book{rudin76:_princ_mathem_analy,
  author =    {W. Rudin},
  title =        {Principles of Mathematical Analysis},
  publisher =    {McGraw-Hill},
  year =         1976,
  edition =   {3rd},
  note =      {{ISBN}:0-07-054235-X}}

@Book{saad03:_iterat_method_spars_linear_system,
  author =    {Y. Saad},
  title =        {Iterative Methods for Sparse Linear Systems},
  publisher =    {SIAM},
  year =         2003,
  edition =   {2nd},
  note =      {ISBN: 978-0898715347}}

@Book{saveliev19:_topol_illus,
  author =    {P. Saveliev},
  title =        {Topology Illustrated},
  publisher =    {Peter Saveliev},
  year =         2019,
  note =      {ISBN: 978-1-4951-8875-6}}

@Book{schumaker07:_splin_funct,
  author =    {Larry L. Schumaker},
  title =        {Spline Functions: Basic Theory},
  publisher =    {Cambridge University Press},
  year =         2007,
  series =    {Cambridge Mathematical Library},
  edition =   {Third},
  note =      {{ISBN}: 978-0521705127}}

@Book{schumaker15:_splin_funct,
  author =    {Larry L. Schumaker},
  title =        {Spline Functions: Computational Methods},
  publisher =    {SIAM},
  year =         2015,
  note =      {{ISBN}: 978-1611973891}}

@Article{shen18:SAV,
author={Shen,Jie and Xu,Jie and Yang,Jiang},
year={2018},
title={The scalar auxiliary variable ({SAV}) approach for gradient flows},
journal={Journal of computational physics},
volume={353},
pages={407-416},
language={English},
}

@Article{shen19:SAV_Review,
 author = {Shen,Jie and Xu,Jie and Yang,Jiang},
 title = {A New Class of Efficient and Robust Energy Stable Schemes for Gradient Flows},
 journal = {SIAM Review},
 year = 2019,
 volume = 61,
 number = 3,
 pages= {474-506},
}

@Article{stadler01,
  author =       {B. M. R. Stadler and G. Wagner and W. Fontana},
  title =        {The topology of the possible: Formal spaces underlying patterns of evolutionary change},
  journal =      {J. Theor. Biol.},
  year =         2001,
  volume =    213,
  pages =     {241-274}}

@Book{stein03:_fourier_analy,
  author =    {Elias M. Stein and Rami Shakarchi},
  title =        {Fourier Analysis: An Introduction},
  publisher =    {Princeton University Press},
  year =         2003,
  edition =   {illustrated},
  note =      {{ISBN}: 978-0691113845}}

@Book{strang16:_introd_linear_algeb,
  author =    {Gilbert Strang},
  title =        {Introduction to Linear Algebra},
  publisher =    {Wellesley - Cambridge Press},
  year =         2016,
  edition =   {Fifth},
  note =      {{ISBN}: 978-0-9802327-7-6}}

@Book{strikwerda89:_finit_differ_schem_partial_differ_equat,
  author =    {John C. Strikwerda},
  title =        {Finite Difference Schemes and Partial Differential Equations},
  publisher =    {Chapman \& Hall},
  year =         1989,
  note =      {ISBN: 0-412-07221-1}}

@Book{strikwerda04:_finit_differ_schem_partial_differ_equat,
  author =    {John C. Strikwerda},
  title =     {Finite Difference Schemes and Partial Differential Equations},
  publisher =    {SIAM},
  year =         2004,
  edition =   {2nd},
  note =      {{ISBN}: 978-0898716399}}

@Book{taylor11:_partial_differ_equat_i,
  author =    {M. E. Taylor},
  title =        {Partial Differential Equations I},
  publisher =    {Springer},
  year =         2011,
  number =    115,
  pages = {408-409},
  series =    {Applied Mathematical Sciences},
  edition =   {2nd}}

@Book{trefethen13:_approx_theor_approx_pract,
  author =    {Lloyd N. Trefethen},
  title =        {Approximation Theory and Approximation Practice},
  publisher =    {SIAM},
  year =         2013,
  note =      {{ISBN}: 978-1-611972-39-9}}

@Book{wiggins03:_introd_applied_nonlin_dynam_system_chaos,
  author =    {Stephen Wiggins},
  title =        {Introduction to Applied Nonlinear Dynamical Systems and Chaos},
  publisher =    {Springer},
  year =         2003,
  edition =   {2nd},
  note =      {ISBN: 978-0387001777}}
  
@Book{zhang21:_lectur_notes_funct_analy,
  author =    {Gongqing Zhang and Yuanqu Lin},
  title =        {Lecture Notes on Functional Analysis},
  publisher =    {Peking University Press},
  year =         2021,
  edition =   {2nd},
  note =      {{ISBN}: 978-7-301-30964-3}}

@Article{zhang16:_GePUP,
  author =       {Q. Zhang},
  title =        {{GePUP}: Generic Projection and Unconstrained {PPE}
                  for Fourth-order Solutions
                  of the Incompressible {Navier-Stokes} Equations
                  with No-slip Boundary Conditions},
  journal =      {J. Sci. Comput.},
  volume = {67},
  pages = {1134-1180},
  year =         2016
}

@Article{zhang17:_hfes,
  author =       {Q. Zhang},
  title =        {{HFES}: a height function method with explicit input and signed output for high-order estimations of curvature and unit vectors of planar curves},
  journal =      {SIAM J. Numer. Anal.},
  volume =      {55},
  pages = {1024-1056},
  year =         2017
}

@Article{zhang20:_boolean,
  author =       {Q. Zhang and Z. Li},
  title =        {Boolean algebra of two-dimensional continua with arbitrarily complex topology},
  journal =      {Math. Comput.},
  volume =       {89},
  pages = {2333-2364},
  year =         2020,
  note = {DOI: https://doi.org/10.1090/mcom/3539}
}
